Automatically generated by Mendeley Desktop 1.19.6
Any changes to this file will be lost if it is regenerated by Mendeley.

BibTeX export options can be customized via Preferences -> BibTeX in Mendeley Desktop
@article{Bonnell2001,
  archiveprefix   = {arXiv},
  author          = {Bonnell, I A and Bate, M R and Clarke, C J and Pringle, J E},
  doi             = {10.1046/j.1365-8711.2001.04270.x},
  eprint          = {0102074},
  issn            = {00358711},
  journal         = {Monthly Notices of the Royal Astronomical Society},
  keywords        = {Open clusters and associations: general,Stars: formation,Stars: luminosity function,mass function},
  mendeley-groups = {Prestellar Core},
  number          = {4},
  pages           = {785--794},
  primaryclass    = {astro-ph},
  title           = {{Competitive accretion in embedded stellar clusters}},
  volume          = {323},
  year            = {2001}
}

@misc{Kennicutt2012,
  archiveprefix = {arXiv},
  arxivid       = {1204.3552},
  author        = {Kennicutt, Robert C and Evans, Neal J.},
  booktitle     = {Annual Review of Astronomy and Astrophysics},
  doi           = {10.1146/annurev-astro-081811-125610},
  eprint        = {1204.3552},
  issn          = {00664146},
  keywords      = {clouds,evolution,interstellar medium (ISM),molecules},
  pages         = {531--608},
  title         = {{Star formation in the milky way and nearby galaxies}},
  volume        = {50},
  year          = {2012}
}

@article{Mckee2003a,
  author  = {McKee, Christopher F. and Tan, Jonathan C},
  doi     = {10.1086/346149},
  issn    = {0004-637X},
  journal = {The Astrophysical Journal},
  month   = {mar},
  number  = {2},
  pages   = {850--871},
  title   = {{The Formation of Massive Stars from Turbulent Cores}},
  url     = {https://iopscience.iop.org/article/10.1086/346149},
  volume  = {585},
  year    = {2003}
}
@article{Lim2016,
  author   = {Lim, Wanggi and Tan, Jonathan C. and Kainulainen, Jouni and Ma, Bo and Butler, Michael J.},
  doi      = {10.3847/2041-8205/829/1/l19},
  issn     = {2041-8213},
  journal  = {The Astrophysical Journal},
  keywords = {clouds,dust,extinction,formation,infrared,ism,stars},
  number   = {1},
  pages    = {L19},
  title    = {{the Distribution of Mass Surface Densities in a High-Mass Protocluster}},
  volume   = {829},
  year     = {2016}
}
@article{Lesaffre2005,
  author   = {Lesaffre, P. and Belloche, A. and Chi{\`{e}}ze, J. P. and Andr{\'{e}}, P.},
  doi      = {10.1051/0004-6361:20053388},
  issn     = {00046361},
  journal  = {Astronomy and Astrophysics},
  keywords = {ISM: individual objects: prestellar and protostell,ISM: kinematics and dynamics,Stars: formation},
  number   = {3},
  pages    = {961--971},
  title    = {{The dynamical influence of cooling in the envelope of prestellar and protostellar cores}},
  volume   = {443},
  year     = {2005}
}
@article{Sipila2018,
  archiveprefix = {arXiv},
  author        = {Sipil{\"{a}}, O. and Caselli, P.},
  doi           = {10.1051/0004-6361/201732326},
  eprint        = {1801.08004},
  issn          = {14320746},
  journal       = {Astronomy and Astrophysics},
  keywords      = {Astrochemistry -hydrodynamics -ISM: abundances -IS},
  pages         = {1--15},
  title         = {{Hydrodynamics with gas-grain chemistry and radiative transfer: Comparing dynamical and static models}},
  volume        = {615},
  year          = {2018}
}
@article{Kortgen2017,
  author   = {K{\"{o}}rtgen, Bastian and Bovino, Stefano and Schleicher, Dominik R.G. and Giannetti, Andrea and Banerjee, Robi},
  doi      = {10.1093/mnras/stx1005},
  issn     = {13652966},
  journal  = {Monthly Notices of the Royal Astronomical Society},
  keywords = {Astrochemistry -magnetic fields -MHD - turbulence,Clouds,Formation - ISM,deuterium},
  number   = {3},
  pages    = {2602--2625},
  title    = {{Deuterium fractionation and H2D+ evolution in turbulent and magnetized cloud cores}},
  volume   = {469},
  year     = {2017}
}
@article{Pagani2013,
  author   = {Pagani, L. and Lesaffre, P. and Jorfi, M. and Honvault, P. and Gonz{\'{a}}lez-Lezana, T. and Faure, A.},
  doi      = {10.1051/0004-6361/201117161},
  issn     = {00046361},
  journal  = {Astronomy and Astrophysics},
  keywords = {Astrochemistry,Evolution,ISM: abundances,ISM: clouds,ISM: individual objects: L183,ISM: molecules},
  pages    = {1--22},
  title    = {{Ortho-H2 and the age of prestellar cores}},
  volume   = {551},
  year     = {2013}
}
@article{Walmsley2004,
  archiveprefix = {arXiv},
  author        = {Walmsley, C M and Flower, D R and Forets, G Pineau Des},
  doi           = {10.1051/0004-6361:20035718;},
  eprint        = {0402493},
  issn          = {0004-6361},
  journal       = {Astronomy and Astrophysics},
  keywords      = {deuterium,ism,molecular processes,radio lines,submillimeter},
  number        = {0718},
  pages         = {22},
  primaryclass  = {astro-ph},
  title         = {{Complete Depletion in prestellar cores}},
  url           = {http://arxiv.org/abs/astro-ph/0402493},
  volume        = {418},
  year          = {2004}
}
@article{Pagani1992,
  author   = {Pagani, L. and Salez, M. and Wannier, P. G.},
  journal  = {Astronomy and Astrophysics},
  keywords = {Abundance,Astrophysics,Deuterium Compounds,Gas-Ion Interactions,Hydrogen Compounds,Interstellar Chemistry,Interstellar Matter,Molecular Clouds,Molecular Ions,Positive Ions,Steady State,Thermodynamic Equilibrium,Vapor Phases},
  pages    = {479--488},
  title    = {{The chemistry of H2D+ in cold clouds}},
  volume   = {258},
  year     = {1992}
}
@article{Kong2015a,
  archiveprefix = {arXiv},
  author        = {Kong, Shuo and Caselli, Paola and Tan, Jonathan C. and Wakelam, Valentine and Sipil{\"{a}}, Olli},
  doi           = {10.1088/0004-637X/804/2/98},
  eprint        = {1312.0971v5},
  issn          = {1538-4357},
  journal       = {The Astrophysical Journal},
  keywords      = {ISM: clouds,astrochemistry,deuterium,stars: formation},
  month         = {may},
  number        = {2},
  pages         = {98},
  title         = {{THE DEUTERIUM FRACTIONATION TIMESCALE IN DENSE CLOUD CORES: A PARAMETER SPACE EXPLORATION}},
  url           = {https://iopscience.iop.org/article/10.1088/0004-637X/804/2/98},
  volume        = {804},
  year          = {2015}
}
@article{Gerlich2002,
  author   = {Gerlich, Dieter and Herbst, Eric and Roueff, Evelyne},
  doi      = {10.1016/S0032-0633(02)00094-6},
  issn     = {00320633},
  journal  = {Planetary and Space Science},
  keywords = {Deuteration,H2D+,H3+,ISM: molecules,Laboratory astrochemistry,Ortho hydrogen,Reactive collisions,o-H2},
  number   = {12-13},
  pages    = {1275--1285},
  title    = {{H3+ + HD ↔ H2D+ + H2: Low-temperature laboratory measurements and interstellar implications}},
  volume   = {50},
  year     = {2002}
}
@article{McKee1999,
  archiveprefix = {arXiv},
  author        = {McKee, Christopher F.},
  doi           = {10.1017/s1539299600006845},
  eprint        = {9901370v1},
  issn          = {1539-2996},
  primaryclass  = {arXiv:astro-ph},
  title         = {{The Dynamical Structure and Evolution of Giant Molecular Clouds}},
  year          = {1999}
}
@article{Tan2013,
  author   = {Tan, Jonathan C. and Kong, Shuo and Butler, Michael J. and Caselli, Paola and Fontani, Francesco},
  doi      = {10.1088/0004-637X/779/2/96},
  issn     = {15384357},
  journal  = {Astrophysical Journal},
  keywords = {ISM: clouds,dust, extinction,stars: formation},
  number   = {2},
  title    = {{The dynamics of massive starless cores with alma}},
  volume   = {779},
  year     = {2013}
}
@article{Chen2019,
  author    = {Chen, Hope How-Huan and Pineda, Jaime E. and Goodman, Alyssa A. and Burkert, Andreas and Offner, Stella S. R. and Friesen, Rachel K. and Myers, Philip C. and Alves, Felipe and Arce, H{\'{e}}ctor G. and Caselli, Paola and Chac{\'{o}}n-Tanarro, Ana and Chen, Michael Chun-Yuan and {Di Francesco}, James and Ginsburg, Adam and Keown, Jared and Kirk, Helen and Martin, Peter G. and Matzner, Christopher and Punanova, Anna and Redaelli, Elena and Rosolowsky, Erik and Scibelli, Samantha and Seo, Youngmin and Shirley, Yancy and Singh, Ayushi},
  doi       = {10.3847/1538-4357/ab1a40},
  issn      = {1538-4357},
  journal   = {The Astrophysical Journal},
  keywords  = {ISM: clouds,ISM: individual objects (L1688,B18),IS,animation,b18,clouds,formation,individual objects,ism,kinematics and dynamics,l1688,magnetohydrodynamics,mhd,radio lines,stars,supporting material},
  number    = {2},
  pages     = {93},
  publisher = {IOP Publishing},
  title     = {{Droplets. I. Pressure-dominated Coherent Structures in L1688 and B18}},
  url       = {http://dx.doi.org/10.3847/1538-4357/ab1a40},
  volume    = {877},
  year      = {2019}
}
@article{Sipila2010,
  archiveprefix = {arXiv},
  author        = {Sipil{\"{a}}, O. and Hugo, E. and Harju, J. and Asvany, O. and Juvela, M. and Schlemmer, S.},
  doi           = {10.1051/0004-6361/200913350},
  eprint        = {0911.1236},
  issn          = {14320746},
  journal       = {Astronomy and Astrophysics},
  keywords      = {Abundances - ISM,Clouds - Radio lines,ISM,ISM - Astrochemistry - Radiative transfer - ISM,Molecules},
  number        = {1},
  title         = {{Modelling line emission of deuterated H3+ from prestellar cores}},
  volume        = {509},
  year          = {2010}
}
@article{Giannetti2014,
  archiveprefix = {arXiv},
  author        = {Giannetti, A. and Wyrowski, F. and Brand, J. and Csengeri, T. and Fontani, F. and Walmsley, C. M. and {Nguyen Luong}, Q. and Beuther, H. and Schuller, F. and G{\"{u}}sten, R. and Menten, K. M.},
  doi           = {10.1051/0004-6361/201423692},
  eprint        = {1407.2215},
  issn          = {14320746},
  journal       = {Astronomy and Astrophysics},
  keywords      = {ISM: abundances,ISM: clouds,ISM: molecules},
  pages         = {1--55},
  title         = {{ATLASGAL-selected massive clumps in the inner Galaxy: I. CO depletion and isotopic ratios}},
  volume        = {570},
  year          = {2014}
}
@article{Smith2013a,
  author   = {Smith, Rowan J. and Shetty, Rahul and Beuther, Henrik and Klessen, Ralf S. and Bonnell, Ian A.},
  doi      = {10.1088/0004-637X/771/1/24},
  issn     = {15384357},
  journal  = {Astrophysical Journal},
  keywords = {line: profiles,stars: formation,stars: massive},
  number   = {1},
  title    = {{Line profiles of cores within clusters. II. signatures of dynamical collapse during high-mass star formation}},
  volume   = {771},
  year     = {2013}
}
@article{Majumdar2016a,
  annote   = {See also Sipila+2015},
  author   = {Majumdar, L. and Gratier, P. and Ruaud, M. and Wakelam, V. and Vastel, C. and Sipil{\"{a}}, O. and Hersant, F. and Dutrey, A. and Guilloteau, S.},
  doi      = {10.1093/mnras/stw3360},
  issn     = {0035-8711},
  journal  = {Monthly Notices of the Royal Astronomical Society},
  keywords = {abundances,astrochemistry,deuterium,evolution,ism,methods,statistical},
  pages    = {stw3360},
  title    = {{Chemistry of TMC-1 with multiply deuterated species and spin chemistry of H 2 , H 2 + , H 3 + and their isotopologues}},
  volume   = {4479},
  year     = {2016}
}
@article{Goodson2016,
  archiveprefix = {arXiv},
  author        = {Goodson, Matthew D and Kong, Shuo and Tan, Jonathan C and Heitsch, Fabian and Caselli, Paola},
  doi           = {10.3847/1538-4357/833/2/274},
  eprint        = {1609.07107},
  isbn          = {9780231123693},
  issn          = {1538-4357},
  journal       = {The Astrophysical Journal},
  keywords      = {ISM: clouds,astrochemistry,clouds,deuterium,formation,ism,magnetohydrodynamics,magnetohydrodynamics (MHD),methods,methods: numerical,mhd,numerical,stars,stars: formation,turbulence},
  month         = {sep},
  number        = {2},
  pages         = {274},
  publisher     = {IOP Publishing},
  title         = {{Structure, Dynamics and Deuterium Fractionation of Massive Pre-Stellar Cores}},
  url           = {http://dx.doi.org/10.3847/1538-4357/833/2/274 http://arxiv.org/abs/1609.07107{\%}0Ahttp://dx.doi.org/10.3847/1538-4357/833/2/274 http://arxiv.org/abs/1609.07107},
  volume        = {833},
  year          = {2016}
}
@article{Kortgen2018a,
  archiveprefix = {arXiv},
  author        = {K{\"{o}}rtgen, B. and Bovino, S. and Schleicher, D. R.G. and Stutz, A. and Banerjee, R. and Giannetti, A. and Leurini, S.},
  doi           = {10.1093/mnras/sty993},
  eprint        = {1709.04013},
  issn          = {13652966},
  journal       = {Monthly Notices of the Royal Astronomical Society},
  keywords      = {Astrochemistry,ISM: Clouds,MHD,Magnetic fields,Stars: Formation,Turbulence},
  number        = {1},
  pages         = {95--109},
  title         = {{Fast deuterium fractionation in magnetized and turbulent filaments}},
  volume        = {478},
  year          = {2018}
}
@article{Grassi2014a,
  author   = {Grassi, T. and Bovino, S. and Schleicher, D. R.G. and Prieto, J. and Seifried, D. and Simoncini, E. and Gianturco, F. A.},
  doi      = {10.1093/mnras/stu114},
  issn     = {13652966},
  journal  = {Monthly Notices of the Royal Astronomical Society},
  keywords = {Astrochemistry-methods,Evolution-ISM,Molecules,Numerical-ISM},
  number   = {3},
  pages    = {2386--2419},
  title    = {{KROME-a package to embed chemistry in astrophysical simulations}},
  volume   = {439},
  year     = {2014}
}
@article{McKee2002,
  archiveprefix = {arXiv},
  author        = {McKee, Christopher F. and Tan, Jonathan C.},
  doi           = {10.1038/416059a},
  eprint        = {0203071},
  issn          = {00280836},
  journal       = {Nature},
  number        = {6876},
  pages         = {59--61},
  primaryclass  = {astro-ph},
  title         = {{Massive star formation in 100,000 years from turbulent and pressurized molecular clouds}},
  volume        = {416},
  year          = {2002}
}
@article{Brunken2014,
  author  = {Br{\"{u}}nken, Sandra and Sipil{\"{a}}, Olli and Chambers, Edward T. and Harju, Jorma and Caselli, Paola and Asvany, Oskar and Honingh, Cornelia E. and Kami{\'{n}}ski, Tomasz and Menten, Karl M. and Stutzki, J{\"{u}}rgen and Schlemmer, Stephan},
  doi     = {10.1038/nature13924},
  issn    = {14764687},
  journal = {Nature},
  number  = {7530},
  pages   = {219--221},
  title   = {{H2D+ observations give an age of at least one million years for a cloud core forming Sun-like stars}},
  volume  = {516},
  year    = {2014}
}
@article{Sipila2015,
  archiveprefix = {arXiv},
  author        = {Sipil{\"{a}}, O. and Harju, J. and Caselli, P. and Schlemmer, S.},
  doi           = {10.1051/0004-6361/201526468},
  eprint        = {1507.02856},
  issn          = {14320746},
  journal       = {Astronomy and Astrophysics},
  keywords      = {Astrochemistry,ISM: abundances,ISM: clouds,ISM: molecules},
  title         = {{Spin-state chemistry of deuterated ammonia}},
  volume        = {581},
  year          = {2015}
}
@article{Priestley2019,
  archiveprefix = {arXiv},
  author        = {Priestley, Felix D. and Wurster, James and Viti, Serena},
  doi           = {10.1093/mnras/stz1869},
  eprint        = {1907.02736},
  issn          = {13652966},
  journal       = {Monthly Notices of the Royal Astronomical Society},
  keywords      = {Astrochemistry,ISM: molecules,MHD,Stars: formation},
  number        = {2},
  pages         = {2357--2364},
  publisher     = {Oxford University Press},
  title         = {{Ambipolar diffusion and the molecular abundances in pre-stellar cores}},
  volume        = {488},
  year          = {2019}
}
@article{Hernandez2011a,
  archiveprefix = {arXiv},
  author        = {Hernandez, Audra K. and Tan, Jonathan C. and Caselli, Paola and Butler, Michael J. and Jim{\'{e}}nez-Serra, Izaskun and Fontani, Francesco and Barnes, Peter},
  doi           = {10.1088/0004-637X/738/1/11},
  eprint        = {1106.2499},
  issn          = {15384357},
  journal       = {Astrophysical Journal},
  keywords      = {ISM: clouds,dust, extinction,stars: formation},
  number        = {1},
  title         = {{Mapping large-scale CO depletion in a filamentary infrared Dark Cloud}},
  volume        = {738},
  year          = {2011}
}
@book{Kim2020,
  archiveprefix = {arXiv},
  author        = {Kim, Gwanjeong and Tatematsu, Ken'ichi and Liu, Tie and Yi, Hee-Weon and He, Jinhua and Hirano, Naomi and Liu, Sheng-Yuan and Choi, Minho and Sanhueza, Patricio and T{\'{o}}th, L. Viktor and {Evans II}, Neal J. and Feng, Siyi and Juvela, Mika and Kim, Kee-Tae and Vastel, Charlotte and Lee, Jeong-Eun and {Nguy{\^{e}}̃n Lu'o'}, Quang and Kang, Miju and Ristorcelli, Isabelle and Feh{\'{e}}r, Orsolya and Wu, Yuefang and Ohashi, Satoshi and Wang, Ke and Kandori, Ryo and Hirota, Tomoya and Sakai, Takeshi and Lu, Xing and Thompson, Mark A. and Fuller, Gary A. and Li, Di and Shinnaga, Hiroko and Kim, Jungha},
  booktitle     = {The Astrophysical Journal Supplement Series},
  doi           = {10.3847/1538-4365/aba746},
  eprint        = {2007.12319},
  isbn          = {0530512904},
  issn          = {00670049},
  number        = {2},
  pages         = {33},
  title         = {{Molecular Cloud Cores with a High Deuterium Fraction: Nobeyama Single-pointing Survey}},
  volume        = {249},
  year          = {2020}
}
@article{Bovino2019,
  archiveprefix = {arXiv},
  author        = {Bovino, S. and Ferrada-Chamorro, S. and Lupi, A. and Sabatini, G. and Giannetti, A. and Schleicher, D. R. G.},
  doi           = {10.3847/1538-4357/ab53e4},
  eprint        = {1910.13981},
  issn          = {1538-4357},
  journal       = {The Astrophysical Journal},
  keywords      = {Astrochemistry,Chemical abundances,Star formation,},
  number        = {2},
  pages         = {224},
  publisher     = {IOP Publishing},
  title         = {{The 3D Structure of CO Depletion in High-mass Prestellar Regions}},
  url           = {http://dx.doi.org/10.3847/1538-4357/ab53e4},
  volume        = {887},
  year          = {2019}
}
@article{Bryan2014,
  author   = {Bryan, Greg L. and Norman, Michael L. and O'Shea, Brian W. and Abel, Tom and Wise, John H. and Turk, Matthew J. and Reynolds, Daniel R. and Collins, David C. and Wang, Peng and Skillman, Samuel W. and Smith, Britton and Harkness, Robert P. and Bordner, James and Kim, Ji Hoon and Kuhlen, Michael and Xu, Hao and Goldbaum, Nathan and Hummels, Cameron and Kritsuk, Alexei G. and Tasker, Elizabeth and Skory, Stephen and Simpson, Christine M. and Hahn, Oliver and Oishi, Jeffrey S. and So, Geoffrey C. and Zhao, Fen and Cen, Renyue and Li, Yuan},
  doi      = {10.1088/0067-0049/211/2/19},
  issn     = {00670049},
  journal  = {Astrophysical Journal, Supplement Series},
  keywords = {hydrodynamics methods,numerical,words},
  number   = {2},
  title    = {{Enzo: An adaptive mesh refinement code for astrophysics}},
  volume   = {211},
  year     = {2014}
}
Automatically generated by Mendeley Desktop 1.19.6
Any changes to this file will be lost if it is regenerated by Mendeley.

BibTeX export options can be customized via Preferences -> BibTeX in Mendeley Desktop

@article{Wakelam2012,
  archiveprefix = {arXiv},
  author        = {Wakelam, V. and Herbst, E. and Loison, J. C. and Smith, I. W.M. and Chandrasekaran, V. and Pavone, B. and Adams, N. G. and Bacchus-Montabonel, M. C. and Bergeat, A. and B{\'{e}}roff, K. and Bierbaum, V. M. and Chabot, M. and Dalgarno, A. and {Van Dishoeck}, E. F. and Faure, A. and Geppert, W. D. and Gerlich, D. and Galli, D. and H{\'{e}}brard, E. and Hersant, F. and Hickson, K. M. and Honvault, P. and Klippenstein, S. J. and {Le Picard}, S. and Nyman, G. and Pernot, P. and Schlemmer, S. and Selsis, F. and Sims, I. R. and Talbi, D. and Tennyson, J. and Troe, J. and Wester, R. and Wiesenfeld, L.},
  doi           = {10.1088/0067-0049/199/1/21},
  eprint        = {1201.5887},
  issn          = {00670049},
  journal       = {Astrophysical Journal, Supplement Series},
  keywords      = {ISM: abundances,ISM: molecules,astrochemistry,astronomical databases: miscellaneous},
  number        = {1},
  title         = {{A kinetic database for astrochemistry (KIDA)}},
  volume        = {199},
  year          = {2012}
}
@article{Roberts2007,
  annote   = {The discussion about cosmic-ray induced desorption compares their model with catherine's model (from Hasegawa {\&} Herbst 1993):
1. grain could not be spherical
2. grain size could be smaller
3. ice could be pure 
4. Bringa {\&} Johnson 2004 gives another result
5. surface chemistry time-scale},
  author   = {Roberts, J. F. and Rawlings, J. M.C. and Viti, S. and Williams, D. A.},
  doi      = {10.1111/j.1365-2966.2007.12402.x},
  issn     = {00358711},
  journal  = {Monthly Notices of the Royal Astronomical Society},
  keywords = {Astrochemistry,Dust, extinction,ISM: abundances,ISM: molecules,Molecular processes,Stars: formation},
  number   = {2},
  pages    = {733--742},
  title    = {{Desorption from interstellar ices}},
  volume   = {382},
  year     = {2007}
}
@article{Walsh2010,
  archiveprefix = {arXiv},
  author        = {Walsh, Catherine and Millar, T. J. and Nomura, Hideko},
  doi           = {10.1088/0004-637X/722/2/1607},
  eprint        = {1008.4305},
  issn          = {15384357},
  journal       = {Astrophysical Journal},
  keywords      = {Astrochemistry,ISM: molecules,Protoplanetary disks,Stars: formation},
  number        = {2},
  pages         = {1607--1623},
  title         = {{Chemical processes in protoplanetary disks}},
  volume        = {722},
  year          = {2010}
}
@article{Walsh2012a,
  archiveprefix = {arXiv},
  author        = {Walsh, Catherine and Nomura, Hideko and Millar, T. J. and Aikawa, Yuri},
  doi           = {10.1088/0004-637X/747/2/114},
  eprint        = {1201.2613},
  issn          = {15384357},
  journal       = {Astrophysical Journal},
  keywords      = {ISM: molecules,astrochemistry,protoplanetary disks,stars: formation},
  number        = {2},
  title         = {{Chemical processes in protoplanetary disks. II. on the importance of photochemistry and X-ray ionization}},
  volume        = {747},
  year          = {2012}
}
@article{Holdship2017a,
  author    = {Holdship, J. and Viti, S. and Jim{\'{e}}nez-Serra, I. and Makrymallis, A. and Priestley, F.},
  doi       = {10.3847/1538-3881/aa773f},
  issn      = {0004-6256},
  journal   = {The Astronomical Journal},
  keywords  = {astrochemistry,astrochemistry,ISM: molecules,shock waves,ism,molecules,shock waves},
  number    = {1},
  pages     = {38},
  publisher = {IOP Publishing},
  title     = {{UCLCHEM: A Gas-grain Chemical Code for Clouds, Cores, and C-Shocks}},
  url       = {http://dx.doi.org/10.3847/1538-3881/aa773f},
  volume    = {154},
  year      = {2017}
}
@article{Viti2004a,
  author   = {Viti, Serena and Collings, Mark P. and Dever, John W. and McCoustra, Martin R.S. and Williams, David A.},
  doi      = {10.1111/j.1365-2966.2004.08273.x},
  issn     = {00358711},
  journal  = {Monthly Notices of the Royal Astronomical Society},
  keywords = {ISM: abundances,ISM: clouds,ISM: molecules,Stars: formation},
  number   = {4},
  pages    = {1141--1145},
  title    = {{Evaporation of ices near massive stars: Models based on laboratory temperature programmed desorption data}},
  volume   = {354},
  year     = {2004}
}
@article{Prasad1983,
  author  = {{Prasad, S. S.; Tarafdar}, S. P.},
  journal = {Astrophysical Journal},
  pages   = {603--609},
  title   = {{UV radiation field inside dense clouds - Its possible existence and chemical implications}},
  url     = {http://dx.doi.org/10.1086/160896},
  volume  = {267},
  year    = {1983}
}
@article{Walsh2014,
  archiveprefix = {arXiv},
  author        = {Walsh, Catherine and Millar, Tom J. and Nomura, Hideko and Herbst, Eric and Weaver, Susanna Widicus and Aikawa, Yuri and Laas, Jacob C. and Vasyunin, Anton I.},
  doi           = {10.1051/0004-6361/201322446},
  eprint        = {1403.0390},
  issn          = {00046361},
  journal       = {Astronomy and Astrophysics},
  keywords      = {Astrochemistry,ISM: molecules,Protoplanetary disks,Stars: formation},
  pages         = {1--35},
  title         = {{Complex organic molecules in protoplanetary disks}},
  volume        = {563},
  year          = {2014}
}
@article{Ruaud2015,
  archiveprefix = {arXiv},
  author        = {Ruaud, M. and Loison, J. C. and Hickson, K. M. and Gratier, P. and Hersant, F. and Wakelam, V.},
  doi           = {10.1093/mnras/stu2709},
  eprint        = {1412.6256},
  issn          = {13652966},
  journal       = {Monthly Notices of the Royal Astronomical Society},
  keywords      = {Astrochemistry,ISM: abundances,ISM: clouds,ISM: molecules},
  number        = {4},
  pages         = {4004--4017},
  title         = {{Modelling complex organic molecules in dense regions: Eley-Rideal and complex induced reaction}},
  volume        = {447},
  year          = {2015}
}
@article{Kalvans2016a,
  author   = {Kalvāns, Juris},
  doi      = {10.3847/0067-0049/224/2/42},
  journal  = {The Astrophysical Journal Supplement Series},
  keywords = {astrochemistry,cosmic rays,dust,extinction},
  number   = {2},
  pages    = {42},
  title    = {{Temperature Spectra of Interstellar Dust Grains Heated By Cosmic Rays. I. Translucent Clouds}},
  volume   = {224},
  year     = {2016}
}
@article{Drozdovskaya2014,
  archiveprefix = {arXiv},
  author        = {Drozdovskaya, Maria N. and Walsh, Catherine and Visser, Ruud and Harsono, Daniel and {Van Dishoeck}, Ewine F.},
  doi           = {10.1093/mnras/stu1789},
  eprint        = {1409.2473},
  issn          = {13652966},
  journal       = {Monthly Notices of the Royal Astronomical Society},
  keywords      = {Astrochemistry,Comets: general,Protoplanetary discs,Stars: protostars},
  number        = {1},
  pages         = {913--929},
  title         = {{Methanol along the path from envelope to protoplanetary disc}},
  volume        = {445},
  year          = {2014}
}
@article{DeMijolla2019,
  annote        = {Astrochemistry emulator},
  archiveprefix = {arXiv},
  author        = {{De Mijolla}, D. and Viti, S. and Holdship, J. and Manolopoulou, I. and Yates, J.},
  doi           = {10.1051/0004-6361/201935973},
  eprint        = {1907.07472},
  issn          = {14320746},
  journal       = {Astronomy and Astrophysics},
  keywords      = {Astrochemistry,Galaxies: abundances,ISM: molecules,Methods: statistical,Radiative transfer},
  title         = {{Incorporating astrochemistry into molecular line modelling via emulation}},
  volume        = {630},
  year          = {2019}
}
@article{Boogert2015a,
  archiveprefix = {arXiv},
  author        = {Boogert, A.C. Adwin and Gerakines, Perry A. and Whittet, Douglas C.B.},
  doi           = {10.1146/annurev-astro-082214-122348},
  eprint        = {1501.05317},
  issn          = {0066-4146},
  journal       = {Annual Review of Astronomy and Astrophysics},
  keywords      = {astrochemistry,cometary,ices,infrared absorption,interstellar ices,interstellar molecules,volatiles},
  number        = {1},
  pages         = {541--581},
  title         = {{Observations of the Icy Universe}},
  volume        = {53},
  year          = {2015}
}
@article{Walsh2015,
  author   = {Walsh, Catherine and Nomura, Hideko and {Van Dishoeck}, Ewine},
  doi      = {10.1051/0004-6361/201526751},
  issn     = {14320746},
  journal  = {Astronomy and Astrophysics},
  keywords = {Astrochemistry,Protoplanetary disks,Stars: formation},
  pages    = {1--28},
  title    = {{The molecular composition of the planet-forming regions of protoplanetary disks across the luminosity regime}},
  volume   = {582},
  year     = {2015}
}
@article{Reboussin2014,
  author   = {Reboussin, L. and Wakelam, V. and Guilloteau, S. and Hersant, F.},
  doi      = {10.1093/mnras/stu462},
  issn     = {13652966},
  journal  = {Monthly Notices of the Royal Astronomical Society},
  keywords = {Astrochemistry,Cosmic rays,Diffusion,ISM: clouds,ISM: molecules},
  number   = {4},
  pages    = {3557--3567},
  title    = {{Grain-surface reactions in molecular clouds: The effect of cosmic rays and quantum tunnelling}},
  volume   = {440},
  year     = {2014}
}
@article{Cuppen2017,
  author    = {Cuppen, H. M. and Walsh, C. and Lamberts, T. and Semenov, D. and Garrod, R. T. and Penteado, E. M. and Ioppolo, S.},
  doi       = {10.1007/s11214-016-0319-3},
  issn      = {15729672},
  journal   = {Space Science Reviews},
  keywords  = {Accretion,Desorption,Diffusion,Molecular ices,Photoprocesses,Surface reactions},
  number    = {1-2},
  pages     = {1--58},
  publisher = {The Author(s)},
  title     = {{Grain Surface Models and Data for Astrochemistry}},
  url       = {http://dx.doi.org/10.1007/s11214-016-0319-3},
  volume    = {212},
  year      = {2017}
}
@article{Wakelam2015,
  archiveprefix = {arXiv},
  author        = {Wakelam, V. and Loison, J. C. and Herbst, E. and Pavone, B. and Bergeat, A. and B{\'{e}}roff, K. and Chabot, M. and Faure, A. and Galli, D. and Geppert, W. D. and Gerlich, D. and Gratier, P. and Harada, N. and Hickson, K. M. and Honvault, P. and Klippenstein, S. J. and Picard, S. D.Le and Nyman, G. and Ruaud, M. and Schlemmer, S. and Sims, I. R. and Talbi, D. and Tennyson, J. and Wester, R.},
  doi           = {10.1088/0067-0049/217/2/20},
  eprint        = {1503.01594},
  issn          = {00670049},
  journal       = {Astrophysical Journal, Supplement Series},
  keywords      = {ISM: abundances,ISM: molecules,astrochemistry,astronomical databases: miscellaneous},
  number        = {2},
  pages         = {20},
  publisher     = {IOP Publishing},
  title         = {{The 2014 kida network for interstellar chemistry}},
  url           = {http://dx.doi.org/10.1088/0067-0049/217/2/20},
  volume        = {217},
  year          = {2015}
}
@article{Mcelroy2013,
  author   = {Mcelroy, D and Walsh, C and Markwick, A J and Cordiner, M A and Smith, K and Millar, T J},
  keywords = {astrochemistry,circumstellar matter,ism,molecular data,molecular processes,molecules},
  pages    = {1--13},
  title    = {{The UMIST database for astrochemistry 2012}},
  volume   = {36},
  year     = {2013}
}
@article{Hasegawa1992,
  author  = {Hasegawa, Tatsuhiko I. and Herbst, Eric and Leukng, Chun M.},
  doi     = {10.1086/191713},
  issn    = {0067-0049},
  journal = {The Astrophysical Journal Supplement Series},
  pages   = {167},
  title   = {{Models of gas-grain chemistry in dense interstellar clouds with complex organic molecules}},
  volume  = {82},
  year    = {1992}
}
@article{Aikawa2020,
  archiveprefix = {arXiv},
  author        = {Aikawa, Yuri and Furuya, Kenji and Yamamoto, Satoshi and Sakai, Nami},
  doi           = {10.3847/1538-4357/ab994a},
  eprint        = {2006.11696},
  issn          = {1538-4357},
  journal       = {The Astrophysical Journal},
  keywords      = {Star formation,Astrochemistry},
  number        = {2},
  pages         = {110},
  publisher     = {IOP Publishing},
  title         = {{Chemical Variation among Protostellar Cores: Dependence on Prestellar Core Conditions}},
  url           = {http://arxiv.org/abs/2006.11696},
  volume        = {897},
  year          = {2020}
}
@article{Walsh2013,
  archiveprefix = {arXiv},
  author        = {Walsh, Catherine and Millar, T. J. and Nomura, Hideko},
  doi           = {10.1088/2041-8205/766/2/L23},
  eprint        = {1303.4903},
  issn          = {20418205},
  journal       = {Astrophysical Journal Letters},
  keywords      = {astrochemistry,line: profiles,protoplanetary disks,stars: formation},
  number        = {2},
  pages         = {0--7},
  title         = {{Molecular line emission from a protoplanetary disk irradiated externally by a nearby massive star}},
  volume        = {766},
  year          = {2013}
}
@article{Garrod2013,
  archiveprefix = {arXiv},
  author        = {Garrod, Robin T.},
  doi           = {10.1088/0004-637X/765/1/60},
  eprint        = {1302.0688},
  issn          = {15384357},
  journal       = {Astrophysical Journal},
  keywords      = {ISM: lines and bands,ISM: molecules,astrobiology,astrochemistry,molecular processes,radiative transfer},
  number        = {1},
  title         = {{A three-phase chemical model of hot cores: The formation of glycine}},
  volume        = {765},
  year          = {2013}
}
@article{Aikawa2013,
  author  = {Aikawa, Yuri},
  doi     = {10.1021/cr4003193},
  issn    = {00092665},
  journal = {Chemical Reviews},
  number  = {12},
  pages   = {8961--8980},
  title   = {{Interplay of chemistry and dynamics in the low-mass star formation}},
  volume  = {113},
  year    = {2013}
}
@article{Woodall2007,
  author   = {Woodall, J. and Ag{\'{u}}ndez, M. and Markwick-Kemper, A. J. and Millar, T. J.},
  doi      = {10.1051/0004-6361:20064981},
  issn     = {0004-6361},
  journal  = {Astronomy {\&} Astrophysics},
  keywords = {Astrochemistry,Circumstellar matter,ISM: molecules,Molecular data,Molecular processes},
  month    = {may},
  number   = {3},
  pages    = {1197--1204},
  title    = {{The UMIST database for astrochemistry 2006}},
  url      = {http://www.aanda.org/10.1051/0004-6361:20064981},
  volume   = {466},
  year     = {2007}
}
Automatically generated by Mendeley Desktop 1.19.6
Any changes to this file will be lost if it is regenerated by Mendeley.

BibTeX export options can be customized via Preferences -> BibTeX in Mendeley Desktop

@article{Gong2017,
  author   = {Gong, Munan and Ostriker, Eve C and Wolfire, Mark G.},
  doi      = {10.3847/1538-4357/aa7561},
  issn     = {1538-4357},
  journal  = {The Astrophysical Journal},
  keywords = {astrochemistry,clouds,formation,ism,molecular processes,molecules,stars},
  number   = {1},
  pages    = {38},
  title    = {{A Simple and Accurate Network for Hydrogen and Carbon Chemistry in the Interstellar Medium}},
  volume   = {843},
  year     = {2017}
}
@article{Wu2017,
  author    = {Wu, Benjamin and Tan, Jonathan C. and Nakamura, Fumitaka and Loo, Sven Van and Christie, Duncan and Collins, David},
  doi       = {10.3847/1538-4357/835/2/137},
  issn      = {1538-4357},
  journal   = {The Astrophysical Journal},
  keywords  = {ISM: clouds,ISM: kinematics and dynamics,ISM: lines and bands,ISM: magnetic fields,ISM: structure,clouds,ism,kinematics and dynamics,lines and bands,magnetic fi elds,methods,methods: numerical,numerical,structure},
  number    = {2},
  pages     = {137},
  publisher = {IOP Publishing},
  title     = {{GMC Collisions as Triggers of Star Formation. II. 3D Turbulent, Magnetized Simulations}},
  url       = {http://dx.doi.org/10.3847/1538-4357/835/2/137},
  volume    = {835},
  year      = {2017}
}
@article{Liow2020,
  archiveprefix = {arXiv},
  author        = {Liow, Kong You and Dobbs, Clare L},
  doi           = {10.1093/mnras/staa2857},
  eprint        = {2009.07857},
  issn          = {0035-8711},
  journal       = {Monthly Notices of the Royal Astronomical Society},
  keywords      = {1 i n t,are the most massive,but their formation is,clouds,formation,formed star clusters in,galaxies,general,ism,not yet fully,recently,ro d u c,star clusters,stars,t i o n,ymcs,young massive clusters},
  number        = {1},
  pages         = {1099--1115},
  publisher     = {Oxford University Press},
  title         = {{The role of collision speed, cloud density, and turbulence in the formation of young massive clusters via cloud–cloud collisions}},
  volume        = {499},
  year          = {2020}
}
@article{Christie2017,
  archiveprefix = {arXiv},
  author        = {Christie, Duncan and Wu, Benjamin and Tan, Jonathan C.},
  doi           = {10.3847/1538-4357/aa8a99},
  eprint        = {1706.07032},
  issn          = {1538-4357},
  journal       = {The Astrophysical Journal},
  keywords      = {ISM: clouds,ISM: magnetic fields,methods: numerica,clouds,formation,ism,magnetic fi elds,methods,numerical,stars},
  number        = {1},
  pages         = {50},
  publisher     = {IOP Publishing},
  title         = {{GMC Collisions as Triggers of Star Formation. IV. The Role of Ambipolar Diffusion}},
  url           = {http://dx.doi.org/10.3847/1538-4357/aa8a99},
  volume        = {848},
  year          = {2017}
}
@article{Wu2020,
  archiveprefix = {arXiv},
  author        = {Wu, Benjamin and Tan, Jonathan C. and Christie, Duncan and Nakamura, Fumitaka},
  doi           = {10.3847/1538-4357/ab77b5},
  eprint        = {1911.03141},
  issn          = {1538-4357},
  journal       = {The Astrophysical Journal},
  keywords      = {Star formation,Molecular clouds,Interstellar magne},
  number        = {2},
  pages         = {168},
  publisher     = {IOP Publishing},
  title         = {{GMC Collisions as Triggers of Star Formation. VII. The Effect of Magnetic Field Strength on Star Formation}},
  url           = {http://dx.doi.org/10.3847/1538-4357/ab77b5},
  volume        = {891},
  year          = {2020}
}
@article{Wu2018,
  author   = {Wu, Benjamin and Tan, Jonathan C. and Nakamura, Fumitaka and Christie, Duncan and Li, Qi},
  doi      = {10.1093/pasj/psx140},
  issn     = {2053051X},
  journal  = {Publications of the Astronomical Society of Japan},
  keywords = {ISM: clouds-ISM: kinematics and dynamics-ISM: magn},
  number   = {Special Issue 2},
  pages    = {1--12},
  title    = {{Giant molecular cloud collisions as triggers of star formation. VI. Collision-induced turbulence}},
  volume   = {70},
  year     = {2018}
}
@article{Wu2015,
  author    = {Wu, Benjamin and Loo, Sven Van and Tan, Jonathan C. and Bruderer, Simon},
  doi       = {10.1088/0004-637X/811/1/56},
  issn      = {15384357},
  journal   = {Astrophysical Journal},
  keywords  = {ISM: clouds,ISM: magnetic fields,methods: numerical},
  number    = {1},
  pages     = {56},
  publisher = {IOP Publishing},
  title     = {{GMC COLLISIONS AS TRIGGERS of STAR FORMATION. I. PARAMETER SPACE EXPLORATION with 2D SIMULATIONS}},
  url       = {http://dx.doi.org/10.1088/0004-637X/811/1/56},
  volume    = {811},
  year      = {2015}
}
@article{Li2018,
  author   = {Li, Qi and Tan, Jonathan C. and Christie, Duncan and Bisbas, Thomas G. and Wu, Benjamin},
  doi      = {10.1093/pasj/psx136},
  issn     = {2053051X},
  journal  = {Publications of the Astronomical Society of Japan},
  keywords = {HCO,ISM: molecular clouds,ISM: structure,galaxies: ISM,methods: numerical},
  pages    = {1--28},
  title    = {{The interstellar medium and star formation of galactic disks. I. Interstellar medium and giant molecular cloud properties with diffuse far-ultraviolet and cosmic-ray backgrounds}},
  volume   = {70},
  year     = {2018}
}
@article{Bisbas2017,
  archiveprefix = {arXiv},
  author        = {Bisbas, Thomas G. and Tanaka, Kei E. I. and Tan, Jonathan C. and Wu, Benjamin and Nakamura, Fumitaka},
  doi           = {10.3847/1538-4357/aa94c5},
  eprint        = {1706.07006},
  issn          = {1538-4357},
  journal       = {The Astrophysical Journal},
  keywords      = {ISM: clouds,ISM: kinematics and dynamics,ISM: line,clouds,ism,kinematics and dynamics,lines and bands,magnetic fi elds,methods,numerical,structure},
  number        = {1},
  pages         = {23},
  publisher     = {IOP Publishing},
  title         = {{GMC Collisions as Triggers of Star Formation. V. Observational Signatures}},
  url           = {http://dx.doi.org/10.3847/1538-4357/aa94c5},
  volume        = {850},
  year          = {2017}
}
@article{Wu2017a,
  archiveprefix = {arXiv},
  author        = {Wu, Benjamin and Tan, Jonathan C. and Christie, Duncan and Nakamura, Fumitaka and {Van Loo}, Sven and Collins, David},
  doi           = {10.3847/1538-4357/aa6ffa},
  eprint        = {1702.08117},
  issn          = {1538-4357},
  journal       = {The Astrophysical Journal},
  keywords      = {ISM: clouds,ISM: kinematics and dynamics,ISM: magn,clouds,formation,ism,kinematics and dynamics,magnetic fi elds,methods,numerical,stars},
  number        = {2},
  pages         = {88},
  publisher     = {IOP Publishing},
  title         = {{GMC Collisions as Triggers of Star Formation. III. Density and Magnetically Regulated Star Formation}},
  url           = {http://dx.doi.org/10.3847/1538-4357/aa6ffa},
  volume        = {841},
  year          = {2017}
}
Automatically generated by Mendeley Desktop 1.19.6
Any changes to this file will be lost if it is regenerated by Mendeley.

BibTeX export options can be customized via Preferences -> BibTeX in Mendeley Desktop

@article{Hubber2018a,
  archiveprefix = {arXiv},
  author        = {Hubber, D. A. and Rosotti, G. P. and Booth, R. A.},
  doi           = {10.1093/mnras/stx2405},
  eprint        = {1709.04488},
  issn          = {13652966},
  journal       = {Monthly Notices of the Royal Astronomical Society},
  keywords      = {Hydrodynamics,Methods: numerical},
  number        = {2},
  pages         = {1603--1632},
  title         = {{GANDALF - Graphical astrophysics code for N-body dynamics and Lagrangian fluids}},
  volume        = {473},
  year          = {2018}
}
@article{Smith2017,
  author   = {Smith, Britton D. and Bryan, Greg L. and Glover, Simon C. O. and Goldbaum, Nathan J. and Turk, Matthew J. and Regan, John and Wise, John H. and Schive, Hsi-Yu and Abel, Tom and Emerick, Andrew and O'Shea, Brian W. and Anninos, Peter and Hummels, Cameron B. and Khochfar, Sadegh},
  doi      = {10.1093/mnras/stw3291},
  issn     = {0035-8711},
  journal  = {Monthly Notices of the Royal Astronomical Society},
  keywords = {astrochemistry,chemistry,cooling,galaxies: formation,methods: numerical},
  month    = {apr},
  number   = {2},
  pages    = {2217--2234},
  title    = {grackle: a chemistry and cooling library for astrophysics},
  url      = {https://academic.oup.com/mnras/article-lookup/doi/10.1093/mnras/stw3291},
  volume   = {466},
  year     = {2017}
}
@article{Schive2018,
  archiveprefix = {arXiv},
  author        = {Schive, Hsi Yu and ZuHone, John A. and Goldbaum, Nathan J. and Turk, Matthew J. and Gaspari, Massimo and Cheng, Chin Yu},
  doi           = {10.1093/MNRAS/STY2586},
  eprint        = {1712.07070},
  issn          = {13652966},
  journal       = {Monthly Notices of the Royal Astronomical Society},
  keywords      = {Methods: numerical},
  number        = {4},
  pages         = {4815--4840},
  publisher     = {Oxford University Press},
  title         = {{GAMER-2: A GPU-accelerated adaptive mesh refinement code - Accuracy, performance, and scalability}},
  volume        = {481},
  year          = {2018}
}
@article{Grassi2014a,
  author   = {Grassi, T. and Bovino, S. and Schleicher, D. R.G. and Prieto, J. and Seifried, D. and Simoncini, E. and Gianturco, F. A.},
  doi      = {10.1093/mnras/stu114},
  issn     = {13652966},
  journal  = {Monthly Notices of the Royal Astronomical Society},
  keywords = {Astrochemistry-methods,Evolution-ISM,Molecules,Numerical-ISM},
  number   = {3},
  pages    = {2386--2419},
  title    = {{KROME-a package to embed chemistry in astrophysical simulations}},
  volume   = {439},
  year     = {2014}
}
@article{Nordlund2018a,
  archiveprefix = {arXiv},
  author        = {Nordlund, {\AA}ke and Ramsey, Jon P. and Popovas, Andrius and K{\"{u}}ffmeier, Michael},
  doi           = {10.1093/mnras/sty599},
  eprint        = {1705.10774},
  issn          = {13652966},
  journal       = {Monthly Notices of the Royal Astronomical Society},
  keywords      = {MHD,Methods: Numerical,Planets and satellites: Formation,Radiative transfer,Stars: Atmospheres,Stars: Formation},
  number        = {1},
  pages         = {624--638},
  title         = {{DISPATCH: A numerical simulation framework for the exa-scale era - I. Fundamentals}},
  volume        = {477},
  year          = {2018}
}
@article{Hopkins2016,
  archiveprefix = {arXiv},
  author        = {Hopkins, Philip F. and Raives, Matthias J.},
  doi           = {10.1093/mnras/stv2180},
  eprint        = {1505.02783},
  issn          = {13652966},
  journal       = {Monthly Notices of the Royal Astronomical Society},
  keywords      = {Cosmology,Hydrodynamics,Instabilities,Methods,Numerical,Theory,Turbulence},
  number        = {1},
  pages         = {51--88},
  title         = {{Accurate, meshless methods for magnetohydrodynamics}},
  volume        = {455},
  year          = {2016}
}
@article{Schive2010,
  archiveprefix = {arXiv},
  author        = {Schive, Hsi Yu and Tsai, Yu Chih and Chiueh, Tzihong},
  doi           = {10.1088/0067-0049/186/2/457},
  eprint        = {0907.3390},
  isbn          = {0067-0049},
  issn          = {00670049},
  journal       = {Astrophysical Journal, Supplement Series},
  keywords      = {GPU,Gravitation,Hydrodynamics,Methods: numerical},
  number        = {2},
  pages         = {457--484},
  title         = {{Gamer: A graphic processing unit accelerated adaptive-mesh-refinement code for astrophysics}},
  volume        = {186},
  year          = {2010}
}
@article{Bryan2014,
  author   = {Bryan, Greg L. and Norman, Michael L. and O'Shea, Brian W. and Abel, Tom and Wise, John H. and Turk, Matthew J. and Reynolds, Daniel R. and Collins, David C. and Wang, Peng and Skillman, Samuel W. and Smith, Britton and Harkness, Robert P. and Bordner, James and Kim, Ji Hoon and Kuhlen, Michael and Xu, Hao and Goldbaum, Nathan and Hummels, Cameron and Kritsuk, Alexei G. and Tasker, Elizabeth and Skory, Stephen and Simpson, Christine M. and Hahn, Oliver and Oishi, Jeffrey S. and So, Geoffrey C. and Zhao, Fen and Cen, Renyue and Li, Yuan},
  doi      = {10.1088/0067-0049/211/2/19},
  issn     = {00670049},
  journal  = {Astrophysical Journal, Supplement Series},
  keywords = {hydrodynamics methods,numerical,words},
  number   = {2},
  title    = {{Enzo: An adaptive mesh refinement code for astrophysics}},
  volume   = {211},
  year     = {2014}
}
